<?xml version="1.0" encoding="UTF-8"?><collection xmlns="http://www.loc.gov/MARC21/slim"><record><leader>00374nam--2200133-i-4500</leader><controlfield tag="001">000048381</controlfield><controlfield tag="002">20161230</controlfield><controlfield tag="005">20161230201046</controlfield><controlfield tag="008">060222s1000------------r-----000-0-eng-d</controlfield><datafield ind1=" " ind2=" " tag="080"><subfield code="a">621.315.59</subfield></datafield><datafield ind1=" " ind2=" " tag="100"><subfield code="a">Abezgauz,I.D. Si Garianov,S.A</subfield></datafield><datafield ind1=" " ind2=" " tag="245"><subfield code="a">Poluprovodnikovye pribory s otritatelnym soprotivleniem</subfield></datafield><datafield ind1=" " ind2=" " tag="260"><subfield code="a">Moskva-lenigrad, Izd.Energia, 1966. 235 P</subfield></datafield><datafield ind1=" " ind2=" " tag="852"><subfield code="a">45705</subfield></datafield></record></collection>